<?xml version="1.0" encoding="UTF-8"?><collection xmlns="http://www.loc.gov/MARC21/slim"><record><leader>00564nam--2200169-i-4500</leader><controlfield tag="001">000035780</controlfield><controlfield tag="002">20161230</controlfield><controlfield tag="005">20161230201040</controlfield><controlfield tag="008">060222s1000------------r-----000-0-eng-d</controlfield><datafield ind1=" " ind2=" " tag="040"><subfield code="a">IFIN-HH</subfield></datafield><datafield ind1=" " ind2=" " tag="080"><subfield code="a">53.087</subfield></datafield><datafield ind1="1" ind2=" " tag="110"><subfield code="a">National Bureau of Standards</subfield></datafield><datafield ind1="1" ind2="0" tag="245"><subfield code="a">Optical image evaluation. proceeedings of the nbs semicentennial symposium on optical image evaluation at the nbs on october 18, 19 and 20, 1951</subfield></datafield><datafield ind1=" " ind2=" " tag="260"><subfield code="a">Washington, D.C</subfield><subfield code="b">U.S.Government Printing Office</subfield><subfield code="c">1954</subfield></datafield><datafield ind1=" " ind2=" " tag="300"><subfield code="a">X + 289P</subfield></datafield><datafield ind1=" " ind2=" " tag="852"><subfield code="a">17679</subfield><subfield code="c">53.08</subfield></datafield><datafield ind1=" " ind2=" " tag="CAT"><subfield code="a">Sys</subfield><subfield code="c">20151027</subfield><subfield code="h">141732</subfield></datafield></record></collection>